@book{
    TTLLogicLevels, 
    place       = {New York, NY}, 
    title       = {The Art of Electronics}, 
    publisher   = {Cambridge University Press},
    author      = {Horowitz, Paul and Hill, Winfred F.}, 
    year        = {2019},
    pages       = {796-797}
}

@book{
    TriangleWaveTopology, 
    place       = {New York, NY}, 
    title       = {The Art of Electronics}, 
    publisher   = {Cambridge University Press},
    author      = {Horowitz, Paul and Hill, Winfred F.}, 
    year        = {2019},
    pages       = {239-240}
} 